
@inproceedings{kocher2019spectre,
  title     = {{Spectre Attacks: Exploiting Speculative Execution}},
  author    = {Kocher, Paul and Horn, Jann and Fogh, Anders and Genkin, Daniel and Gruss, Daniel and Haas, Werner and Hamburg, Mike and Lipp, Moritz and Mangard, Stefan and Prescher, Thomas and Schwarz, Michael and Yarom, Yuval},
  booktitle = {2019 IEEE Symposium on Security and Privacy (SP)},
  pages     = {1--19},
  year      = {2019},
  publisher = {IEEE}
}

@inproceedings{Lipp2018meltdown,
  title     = {{Meltdown: Reading Kernel Memory from User Space}},
  author    = {Moritz Lipp and Michael Schwarz and Daniel Gruss and Thomas Prescher and Werner Haas and Anders Fogh and Jann Horn and Stefan Mangard and Paul Kocher and Daniel Genkin and Yuval Yarom and Mike Hamburg},
  booktitle = {27th USENIX Security Symposium (USENIX Security 18)},
  pages     = {973--990},
  year      = {2018},
  publisher = {USENIX Association}
}

@article{xiong2021survey,
  title     = {{Survey of Transient Execution Attacks and Their Mitigations}},
  author    = {Xiong, Wenjie and Szefer, Jakub},
  journal   = {ACM Computing Surveys},
  volume    = {54},
  number    = {3},
  pages     = {1--36},
  year      = {2021},
  publisher = {ACM}
}

@inproceedings{ziad2021no,
  title     = {{No-FAT: Architectural support for low overhead memory safety checks}},
  author    = {Ziad, Mohamed Tarek Ibn and Arroyo, Miguel A and Manzhosov, Evgeny and Piersma, Ryan and Sethumadhavan, Simha},
  booktitle = {2021 ACM/IEEE 48th Annual International Symposium on Computer Architecture (ISCA)},
  pages     = {916--929},
  year      = {2021},
  publisher = {IEEE}
}

@inproceedings{ziad2021zero,
  title     = {{ZeR{\O}: Zero-overhead resilient operation under pointer integrity attacks}},
  author    = {Ziad, Mohamed Tarek Ibn and Arroyo, Miguel A and Manzhosov, Evgeny and Sethumadhavan, Simha},
  booktitle = {2021 ACM/IEEE 48th Annual International Symposium on Computer Architecture (ISCA)},
  pages     = {999--1012},
  year      = {2021},
  publisher = {IEEE}
}

